
@inproceedings{SRON,
	address = {Rome, Italy},
	series = {{CoNEXT} '09},
	title = {Scaling {All-Pairs} Overlay Routing},
	isbn = {9781605586366},
	url = {http://portal.acm.org/citation.cfm?doid=1658939.1658956},
	doi = {10.1145/1658939.1658956},
	booktitle = {Proceedings of the 5th international conference on Emerging networking experiments and technologies},
	publisher = {{ACM} Press},
	author = {Sontag, David and Zhang, Yang and Phanishayee, Amar and Andersen, David G. and Karger, David},
	year = {2009},
	keywords = {networks, overlay network},
	pages = {145--156}
},

@article{RON,
	title = {Resilient Overlay Networks},
	volume = {32},
	issn = {01464833},
	url = {http://portal.acm.org/citation.cfm?doid=510726.510740},
	doi = {10.1145/510726.510740},
	number = {1},
	journal = {{ACM} {SIGCOMM} Computer Communication Review},
	author = {Andersen, David and Balakrishnan, Hari and Kaashoek, Frans and Morris, Robert},
	month = jan,
	year = {2002},
	keywords = {application layer, internet, networks, overlay network},
	pages = {66}
}
